<record><leader>00000cas a22000007a 4500</leader><controlfield tag="001">13860064</controlfield><controlfield tag="008">860711d19001901inuwr ne      0    0eng d</controlfield><datafield ind1=" " ind2=" " tag="010"><subfield code="a">sn 86058675 </subfield></datafield><datafield ind1=" " ind2=" " tag="040"><subfield code="a">NPI</subfield><subfield code="b">eng</subfield><subfield code="c">NPI</subfield><subfield code="d">OCLCQ</subfield></datafield><datafield ind1=" " ind2=" " tag="042"><subfield code="a">msc</subfield></datafield><datafield ind1="0" ind2=" " tag="130"><subfield code="a">Democrat (Noblesville, Ind.)</subfield></datafield><datafield ind1="1" ind2="4" tag="245"><subfield code="a">The Democrat.</subfield></datafield><datafield ind1=" " ind2=" " tag="260"><subfield code="a">Noblesville, Ind. :</subfield><subfield code="b">R.M. Isherwood,</subfield><subfield code="c">1900-1901.</subfield></datafield><datafield ind1=" " ind2=" " tag="300"><subfield code="a">v. :</subfield><subfield code="b">ill.</subfield></datafield><datafield ind1=" " ind2=" " tag="310"><subfield code="a">Weekly</subfield></datafield><datafield ind1="0" ind2=" " tag="362"><subfield code="a">Vol. 25, no. 48 (July 6, 1900)-v. 27, no. 49 (July 5, 1901).</subfield></datafield><datafield ind1=" " ind2=" " tag="500"><subfield code="a">Published during some portion of its run also in a daily edition.</subfield></datafield><datafield ind1=" " ind2=" " tag="515"><subfield code="a">No issues were published between July 5th and Dec. 13th 1901 upon which date the paper resumed publication under a new title.</subfield></datafield><datafield ind1=" " ind2=" " tag="752"><subfield code="a">United States</subfield><subfield code="b">Indiana</subfield><subfield code="c">Hamilton</subfield><subfield code="d">Noblesville.</subfield></datafield><datafield ind1="0" ind2="0" tag="780"><subfield code="t">Noblesville Democrat (Noblesville, Ind. : 1888)</subfield><subfield code="w">(DLC)sn 86058674</subfield></datafield><datafield ind1="0" ind2="0" tag="785"><subfield code="t">Hamilton County Democrat</subfield><subfield code="w">(DLC)sn 86058676</subfield></datafield></record>